<record><leader>00000cas a2200000 a 4500</leader><controlfield tag="001">8811182</controlfield><controlfield tag="008">820927d1851185ucauwr ne      0   a0eng  </controlfield><datafield ind1=" " ind2=" " tag="010"><subfield code="a">sn 82015718 </subfield></datafield><datafield ind1=" " ind2=" " tag="040"><subfield code="a">DLC</subfield><subfield code="b">eng</subfield><subfield code="c">DLC</subfield><subfield code="d">NPU</subfield><subfield code="d">DLC</subfield><subfield code="d">NPU</subfield><subfield code="d">NPX</subfield><subfield code="d">DLC</subfield><subfield code="d">CNK</subfield><subfield code="d">OCL</subfield><subfield code="d">NYS</subfield><subfield code="d">CNK</subfield><subfield code="d">UKMGB</subfield><subfield code="d">OCLCO</subfield><subfield code="d">OCLCQ</subfield><subfield code="d">OCLCF</subfield><subfield code="d">OCLCO</subfield><subfield code="d">AQM</subfield></datafield><datafield ind1="7" ind2=" " tag="016"><subfield code="a">013914476</subfield><subfield code="2">Uk</subfield></datafield><datafield ind1="7" ind2=" " tag="016"><subfield code="a">007863867</subfield><subfield code="2">Uk</subfield></datafield><datafield ind1="1" ind2=" " tag="029"><subfield code="a">AU@</subfield><subfield code="b">000020445968</subfield></datafield><datafield ind1=" " ind2=" " tag="042"><subfield code="a">pcc</subfield></datafield><datafield ind1=" " ind2=" " tag="043"><subfield code="a">n-us-ca</subfield></datafield><datafield ind1="0" ind2="0" tag="050"><subfield code="a">Newspaper 7114-X</subfield></datafield><datafield ind1="0" ind2=" " tag="130"><subfield code="a">Placer times and transcript (Sacramento, Calif. : Weekly)</subfield></datafield><datafield ind1="1" ind2="0" tag="245"><subfield code="a">Placer times and transcript.</subfield></datafield><datafield ind1="1" ind2="7" tag="246"><subfield code="a">Illustrated placer times &amp; transcript</subfield></datafield><datafield ind1="1" ind2="3" tag="246"><subfield code="a">Placer times &amp; transcript</subfield></datafield><datafield ind1="1" ind2="3" tag="246"><subfield code="a">Weekly placer times &amp; transcript</subfield><subfield code="f">&lt;Nov. 15, 1853-Jan. 14, 1854&gt;</subfield></datafield><datafield ind1=" " ind2=" " tag="260"><subfield code="a">Sacramento City [Calif.] :</subfield><subfield code="b">G.K. Fitch &amp; Co.</subfield></datafield><datafield ind1=" " ind2=" " tag="300"><subfield code="a">v. :</subfield><subfield code="b">ill. ;</subfield><subfield code="c">69-78 cm.</subfield></datafield><datafield ind1=" " ind2=" " tag="310"><subfield code="a">Weekly</subfield></datafield><datafield ind1="1" ind2=" " tag="362"><subfield code="a">Began with June 16, 1851 issue.</subfield><subfield code="z">Cf. Gregory, W. Amer. newspapers.</subfield></datafield><datafield ind1=" " ind2=" " tag="500"><subfield code="a">Published at Sacramento, Calif., 1851-June 1852; at San Francisco, Calif., 1852-&lt;1853&gt;.</subfield></datafield><datafield ind1=" " ind2=" " tag="500"><subfield code="a">"For circulation in California, the Atlantic States and Europe."</subfield></datafield><datafield ind1=" " ind2=" " tag="500"><subfield code="a">Editors: L. Pickering, G. Kenyon Fitch, J.E. Lawrence, &lt;1851&gt;.</subfield></datafield><datafield ind1=" " ind2=" " tag="515"><subfield code="a">Numbering is irregular.</subfield></datafield><datafield ind1=" " ind2=" " tag="588"><subfield code="a">Description based on: Vol. 1, no. 37 (July 29, 1851).</subfield></datafield><datafield ind1=" " ind2="0" tag="651"><subfield code="a">San Francisco (Calif.)</subfield><subfield code="v">Newspapers.</subfield></datafield><datafield ind1=" " ind2="0" tag="651"><subfield code="a">Sacramento (Calif.)</subfield><subfield code="v">Newspapers.</subfield></datafield><datafield ind1=" " ind2="7" tag="651"><subfield code="a">California</subfield><subfield code="z">Sacramento.</subfield><subfield code="2">fast</subfield><subfield code="0">(OCoLC)fst01205542</subfield></datafield><datafield ind1=" " ind2="7" tag="651"><subfield code="a">California</subfield><subfield code="z">San Francisco.</subfield><subfield code="2">fast</subfield><subfield code="0">(OCoLC)fst01204481</subfield></datafield><datafield ind1=" " ind2="7" tag="655"><subfield code="a">Newspapers.</subfield><subfield code="2">fast</subfield><subfield code="0">(OCoLC)fst01423814</subfield></datafield><datafield ind1=" " ind2="7" tag="655"><subfield code="a">Newspapers.</subfield><subfield code="2">rbgenr</subfield></datafield><datafield ind1=" " ind2=" " tag="752"><subfield code="a">United States</subfield><subfield code="b">California</subfield><subfield code="c">San Francisco</subfield><subfield code="d">San Francisco.</subfield></datafield><datafield ind1=" " ind2=" " tag="752"><subfield code="a">United States</subfield><subfield code="b">California</subfield><subfield code="c">Sacramento</subfield><subfield code="d">Sacramento.</subfield></datafield><datafield ind1="0" ind2=" " tag="775"><subfield code="t">Placer times and transcript (Sacramento, Calif. : Daily)</subfield><subfield code="w">(DLC)sn 84027312</subfield></datafield><datafield ind1="0" ind2=" " tag="775"><subfield code="t">Daily placer times and transcript</subfield><subfield code="w">(DLC)sn 84027311</subfield></datafield><datafield ind1="0" ind2=" " tag="775"><subfield code="t">Placer times and transcript (San Francisco, Calif. : Steamer)</subfield><subfield code="w">(DLC)sn 84027315</subfield></datafield><datafield ind1="0" ind2=" " tag="775"><subfield code="t">Steamer placer times and transcript</subfield><subfield code="w">(DLC)sn 84027316</subfield></datafield><datafield ind1="0" ind2="0" tag="785"><subfield code="t">Weekly placer times and transcript</subfield><subfield code="w">(DLC)sn 84027313</subfield></datafield></record>